@article{card2008cb,
	author = {Card,G., and Dickinson, M.H.},
	title = {Visually mediated motor planning in the escape response of \emph{Drosophila}},
	year = {2008},
	journal = {Current Biology},
	volume = {18},
	pages = {1300-1307}
}

@article{card2008jeb,
	author = {Card,G., and Dickinson, M.H.},
	title = {Performance trade-offs in the flight initation of \emph{Drosophila}},
	year = {2008},
	journal = {Journal of Experimental Biology},
	volume = {211},
	pages = {341-353}
}
